<?xml version="1.0" encoding="UTF-8"?><collection xmlns="http://www.loc.gov/MARC21/slim"><record><leader>00387nam--2200145-i-4500</leader><controlfield tag="001">000001583</controlfield><controlfield tag="002">20161230</controlfield><controlfield tag="005">20161230201024</controlfield><controlfield tag="008">060222s1000------------r-----000-0-eng-d</controlfield><datafield ind1=" " ind2=" " tag="080"><subfield code="a">541.28:543.53(083.4)</subfield></datafield><datafield ind1=" " ind2=" " tag="100"><subfield code="a">Erdtmann, Gerhard</subfield></datafield><datafield ind1=" " ind2=" " tag="245"><subfield code="a">Neutron activation tables</subfield></datafield><datafield ind1=" " ind2=" " tag="260"><subfield code="a">Weinheim, Verlag Chemie, 1976. 146 P</subfield></datafield><datafield ind1=" " ind2=" " tag="490"><subfield code="a">Kernchemie In Einzeldarstellungen</subfield></datafield><datafield ind1=" " ind2=" " tag="852"><subfield code="a">45410</subfield></datafield></record></collection>